<?xml version="1.0" encoding="UTF-8"?><collection xmlns="http://www.loc.gov/MARC21/slim"><record><leader>00391nam--2200121-i-4500</leader><controlfield tag="001">000038686</controlfield><controlfield tag="002">20161230</controlfield><controlfield tag="005">20161230201041</controlfield><controlfield tag="008">060222s1000------------r-----000-0-eng-d</controlfield><datafield ind1=" " ind2=" " tag="080"><subfield code="a">550.34(061.3)</subfield></datafield><datafield ind1=" " ind2=" " tag="245"><subfield code="a">Report on the seminar on seismic microzoning and third meeting of the working group on microzoning, ankara 7 to 10 may 1974</subfield></datafield><datafield ind1=" " ind2=" " tag="260"><subfield code="a">Skopje, Unesco, 1974, 16p.+ Dif.P</subfield></datafield><datafield ind1=" " ind2=" " tag="852"><subfield code="a">48103</subfield></datafield></record></collection>